<?xml version="1.0" encoding="UTF-8"?><collection xmlns="http://www.loc.gov/MARC21/slim"><record><leader>00555nam--2200193-u-4500</leader><controlfield tag="001">000056793</controlfield><controlfield tag="002">20190711</controlfield><controlfield tag="005">20190711041414</controlfield><controlfield tag="008">190711s1000------------r-----000-0-rum-d</controlfield><datafield ind1=" " ind2=" " tag="040"><subfield code="a">IFIN-HH</subfield></datafield><datafield ind1=" " ind2=" " tag="041"><subfield code="a">rum</subfield></datafield><datafield ind1="1" ind2=" " tag="100"><subfield code="a">Antohe, Stefan</subfield></datafield><datafield ind1="1" ind2="0" tag="245"><subfield code="a">Facultatea de Fizica a Universitatii din Bucuresti. 50 de ani de istorie</subfield><subfield code="c">Stefan Antohe, Sabina Stefan (coord.)</subfield></datafield><datafield ind1=" " ind2=" " tag="260"><subfield code="a">Bucuresti</subfield><subfield code="b">Ars Docendi</subfield><subfield code="c">2014</subfield></datafield><datafield ind1=" " ind2=" " tag="300"><subfield code="a">165 p</subfield></datafield><datafield ind1=" " ind2=" " tag="500"><subfield code="a">Donatie Gheorghe Dinescu</subfield></datafield><datafield ind1="1" ind2=" " tag="700"><subfield code="a">Stefan, Sabina</subfield></datafield><datafield ind1=" " ind2=" " tag="852"><subfield code="a">82738</subfield><subfield code="c">37</subfield></datafield><datafield ind1=" " ind2=" " tag="CAT"><subfield code="a">SYS</subfield><subfield code="c">20190711</subfield><subfield code="h">041414</subfield></datafield></record></collection>